% ITEX root = ../Thesis.tex
@article{johnson2004model,
  title={Model selection in ecology and evolution},
  author={Johnson, Jerald B and Omland, Kristian S},
  journal={Trends in ecology \& evolution},
  volume={19},
  number={2},
  pages={101--108},
  year={2004},
  publisher={Elsevier}
}

@article{levins1966strategy,
  title={The strategy of model building in population biology},
  author={Levins, Richard},
  journal={American scientist},
  volume={54},
  number={4},
  pages={421--431},
  year={1966},
  publisher={JSTOR}
}

@article{zwietering1990modeling,
  title={Modeling of the bacterial growth curve},
  author={Zwietering, MH and Jongenburger, Il and Rombouts, FM and Van't Riet, KJAEM},
  journal={Appl. Environ. Microbiol.},
  volume={56},
  number={6},
  pages={1875--1881},
  year={1990},
  publisher={Am Soc Microbiol}
}

@article{buchanan1997simple,
  title={When is simple good enough: a comparison of the Gompertz, Baranyi, and three-phase linear models for fitting bacterial growth curves},
  author={Buchanan, RL and Whiting, RC and Damert, WC},
  journal={Food microbiology},
  volume={14},
  number={4},
  pages={313--326},
  year={1997},
  publisher={Academic Press}
}

@article{tjorve2017use,
  title={The use of Gompertz models in growth analyses, and new Gompertz-model approach: An addition to the Unified-Richards family},
  author={Tj{\o}rve, Kathleen MC and Tj{\o}rve, Even},
  journal={PloS one},
  volume={12},
  number={6},
  year={2017},
  publisher={Public Library of Science}
}

@article{grijspeerdt1999estimating,
  title={Estimating the parameters of the Baranyi model for bacterial growth},
  author={Grijspeerdt, Koen and Vanrolleghem, Peter},
  journal={Food microbiology},
  volume={16},
  number={6},
  pages={593--605},
  year={1999},
  publisher={London; Orlando: Academic Press, c1984-}
}

@article{peleg2011microbial,
  title={Microbial growth curves: what the models tell us and what they cannot},
  author={Peleg, Micha and Corradini, Maria G},
  journal={Critical reviews in food science and nutrition},
  volume={51},
  number={10},
  pages={917--945},
  year={2011},
  publisher={Taylor \& Francis}
}

@incollection{webb1986logistic,
  title={Logistic models of structured population growth},
  author={Webb, GF},
  booktitle={Hyperbolic Partial Differential Equations},
  pages={527--539},
  year={1986},
  publisher={Elsevier}
}

@incollection{bacaer2011verhulst,
  title={Verhulst and the logistic equation (1838)},
  author={Baca{\"e}r, Nicolas},
  booktitle={A Short History of Mathematical Population Dynamics},
  pages={35--39},
  year={2011},
  publisher={Springer}
}

@article{vrieze2012model,
  title={Model selection and psychological theory: a discussion of the differences between the Akaike information criterion (AIC) and the Bayesian information criterion (BIC).},
  author={Vrieze, Scott I},
  journal={Psychological methods},
  volume={17},
  number={2},
  pages={228},
  year={2012},
  publisher={American Psychological Association}
}


@article{posada2004model,
  title={Model selection and model averaging in phylogenetics: advantages of Akaike information criterion and Bayesian approaches over likelihood ratio tests},
  author={Posada, David and Buckley, Thomas R},
  journal={Systematic biology},
  volume={53},
  number={5},
  pages={793--808},
  year={2004},
  publisher={Society of Systematic Zoology}
}

@article{ratkowsky1982relationship,
  title={Relationship between temperature and growth rate of bacterial cultures.},
  author={Ratkowsky, DA and Olley, June and McMeekin, TA and Ball, A},
  journal={Journal of bacteriology},
  volume={149},
  number={1},
  pages={1--5},
  year={1982},
  publisher={Am Soc Microbiol}
}

@incollection{fisher1992statistical,
  title={Statistical methods for research workers},
  author={Fisher, Ronald Aylmer},
  booktitle={Breakthroughs in statistics},
  pages={66--70},
  year={1992},
  publisher={Springer}
}
