% ITEX root = ../thesis.tex
@article{rice2019evolution,
  title={Evolution: How Many Phenotypes Do Regulatory Mutations Affect?},
  author={Rice, Gavin and Rebeiz, Mark},
  journal={Current Biology},
  volume={29},
  number={1},
  pages={R21--R23},
  year={2019},
  publisher={Elsevier}
}

@article{garcia1997genetic,
  title={Genetic models of adaptation and gene flow in peripheral populations},
  author={Garc{\'\i}a-Ramos, Gisela and Kirkpatrick, Mark},
  journal={Evolution},
  volume={51},
  number={1},
  pages={21--28},
  year={1997},
  publisher={Wiley Online Library}
}

@article{brown1992evolution,
  title={Evolution in heterogeneous environments: effects of migration on habitat specialization},
  author={Brown, Joel S and Pavlovic, Noel B},
  journal={Evolutionary Ecology},
  volume={6},
  number={5},
  pages={360--382},
  year={1992},
  publisher={Springer}
}

@article{lynch2007evolution,
  title={The evolution of genetic networks by non-adaptive processes},
  author={Lynch, Michael},
  journal={Nature Reviews Genetics},
  volume={8},
  number={10},
  pages={803--813},
  year={2007},
  publisher={Nature Publishing Group}
}

@article{barber1999patterns,
  title={Patterns of gene flow and population genetic structure in the canyon treefrog, Hyla arenicolor (Cope)},
  author={Barber, PAUL H},
  journal={Molecular Ecology},
  volume={8},
  number={4},
  pages={563--576},
  year={1999},
  publisher={Wiley Online Library}
}

@article{sato2006effect,
  title={Effect of gene flow on spatial genetic structure in the riparian canopy tree Cercidiphyllum japonicum revealed by microsatellite analysis},
  author={Sato, T and Isagi, Y and Sakio, H and Osumi, K and Goto, S},
  journal={Heredity},
  volume={96},
  number={1},
  pages={79--84},
  year={2006},
  publisher={Nature Publishing Group}
}

@article{pongratz2002genetic,
  title={Genetic differentiation within and between populations of a hermaphroditic freshwater planarian},
  author={Pongratz, Norbert and Gerace, Letizia and Michiels, Nicolaas K},
  journal={Heredity},
  volume={89},
  number={1},
  pages={64--69},
  year={2002},
  publisher={Nature Publishing Group}
}

@article{yeaman2011genetic,
  title={The genetic architecture of adaptation under migration--selection balance},
  author={Yeaman, Sam and Whitlock, Michael C},
  journal={Evolution: International Journal of Organic Evolution},
  volume={65},
  number={7},
  pages={1897--1911},
  year={2011},
  publisher={Wiley Online Library}
}

@article{burt1995evolution,
  title={The evolution of fitness},
  author={Burt, Austin},
  journal={Evolution},
  volume={49},
  number={1},
  pages={1--8},
  year={1995},
  publisher={Wiley Online Library}
}

@article{orr1998population,
  title={The population genetics of adaptation: the distribution of factors fixed during adaptive evolution},
  author={Orr, H Allen},
  journal={Evolution},
  volume={52},
  number={4},
  pages={935--949},
  year={1998},
  publisher={Wiley Online Library}
}

@article{omholt2000gene,
  title={Gene regulatory networks generating the phenomena of additivity, dominance and epistasis},
  author={Omholt, Stig W and Plahte, Erik and {\O}yehaug, Leiv and Xiang, Kefang},
  journal={Genetics},
  volume={155},
  number={2},
  pages={969--980},
  year={2000},
  publisher={Genetics Soc America}
}

@article{orr2001genetics,
  title={The genetics of species differences},
  author={Orr, H Allen},
  journal={Trends in ecology \& evolution},
  volume={16},
  number={7},
  pages={343--350},
  year={2001},
  publisher={Elsevier}
}

@article{bourguet1999evolution,
  title={The evolution of dominance},
  author={Bourguet, Denis},
  journal={Heredity},
  volume={83},
  number={1},
  pages={1--4},
  year={1999},
  publisher={Nature Publishing Group}
}

@article{otto1999balanced,
  title={Balanced polymorphisms and the evolution of dominance},
  author={Otto, Sarah P and Bourguet, Denis},
  journal={The American Naturalist},
  volume={153},
  number={6},
  pages={561--574},
  year={1999},
  publisher={The University of Chicago Press}
}

@article{w2004dispersal,
  title={Dispersal among habitats varying in fitness: reciprocating migration through ideal habitat selection},
  author={W. Morris, Douglas and E. Diffendorfer, James and Lundberg, Per},
  journal={Oikos},
  volume={107},
  number={3},
  pages={559--575},
  year={2004},
  publisher={Wiley Online Library}
}

@article{feder2012genomics,
  title={The genomics of speciation-with-gene-flow},
  author={Feder, Jeffrey L and Egan, Scott P and Nosil, Patrik},
  journal={Trends in genetics},
  volume={28},
  number={7},
  pages={342--350},
  year={2012},
  publisher={Elsevier}
}

@article{rice2009evolution,
  title={Evolution with stochastic fitness and stochastic migration},
  author={Rice, Sean H and Papadopoulos, Anthony},
  journal={PloS one},
  volume={4},
  number={10},
  pages={e7130},
  year={2009},
  publisher={Public Library of Science}
}

@article{stern2009genetic,
  title={Is genetic evolution predictable?},
  author={Stern, David L and Orgogozo, Virginie},
  journal={Science},
  volume={323},
  number={5915},
  pages={746--751},
  year={2009},
  publisher={American Association for the Advancement of Science}
}

@article{coyne1992genetics,
  title={Genetics and speciation},
  author={Coyne, Jerry A},
  journal={Nature},
  volume={355},
  number={6360},
  pages={511--515},
  year={1992},
  publisher={Nature Publishing Group}
}

@article{liedvogel2011genetics,
  title={The genetics of migration on the move},
  author={Liedvogel, Miriam and {\AA}kesson, Susanne and Bensch, Staffan},
  journal={Trends in Ecology \& Evolution},
  volume={26},
  number={11},
  pages={561--569},
  year={2011},
  publisher={Elsevier}
}

@article{birky1989organelle,
  title={Organelle gene diversity under migration, mutation, and drift: equilibrium expectations, approach to equilibrium, effects of heteroplasmic cells, and comparison to nuclear genes.},
  author={Birky, CW and Fuerst, P and Maruyama, T},
  journal={Genetics},
  volume={121},
  number={3},
  pages={613--627},
  year={1989},
  publisher={Genetics Soc America}
}

@article{tigano2016genomics,
  title={Genomics of local adaptation with gene flow},
  author={Tigano, Anna and Friesen, Vicki L},
  journal={Molecular ecology},
  volume={25},
  number={10},
  pages={2144--2164},
  year={2016},
  publisher={Wiley Online Library}
}

@article{landry2007genetic,
  title={Genetic properties influencing the evolvability of gene expression},
  author={Landry, Christian R and Lemos, Bernardo and Rifkin, Scott A and Dickinson, WJ and Hartl, Daniel L},
  journal={Science},
  volume={317},
  number={5834},
  pages={118--121},
  year={2007},
  publisher={American Association for the Advancement of Science}
}

@article{hinman2009evolution,
  title={Evolution of gene regulatory network architectures: examples of subcircuit conservation and plasticity between classes of echinoderms},
  author={Hinman, Veronica F and Yankura, Kristen A and McCauley, Brenna S},
  journal={Biochimica et Biophysica Acta (BBA)-Gene Regulatory Mechanisms},
  volume={1789},
  number={4},
  pages={326--332},
  year={2009},
  publisher={Elsevier}
}

@article{gjuvsland2007statistical,
  title={Statistical epistasis is a generic feature of gene regulatory networks},
  author={Gjuvsland, Arne B and Hayes, Ben J and Omholt, Stig W and Carlborg, {\"O}rjan},
  journal={Genetics},
  volume={175},
  number={1},
  pages={411--420},
  year={2007},
  publisher={Genetics Soc America}
}

@article{gjuvsland2007threshold,
  title={Threshold-dominated regulation hides genetic variation in gene expression networks},
  author={Gjuvsland, Arne B and Plahte, Erik and Omholt, Stig W},
  journal={BMC Systems Biology},
  volume={1},
  number={1},
  pages={57},
  year={2007},
  publisher={Springer}
}

@incollection{brown2002genomes,
  title={How genomes evolve},
  author={Brown, Terence A},
  booktitle={Genomes. 2nd edition},
  year={2002},
  publisher={Wiley-Liss}
}

@article{proulx2005opportunity,
  title={The opportunity for canalization and the evolution of genetic networks},
  author={Proulx, Stephen R and Phillips, Patrick C},
  journal={The American Naturalist},
  volume={165},
  number={2},
  pages={147--162},
  year={2005},
  publisher={The University of Chicago Press}
}

@article{chandrasekaran2008origins,
  title={Origins of new genes and pseudogenes},
  author={Chandrasekaran, Chitra and Betr{\'a}n, Esther},
  journal={Nature Education},
  volume={1},
  number={1},
  pages={181},
  year={2008}
}

@inproceedings{ohno1999gene,
  title={Gene duplication and the uniqueness of vertebrate genomes circa 1970--1999},
  author={Ohno, Susumu},
  booktitle={Seminars in cell \& developmental biology},
  volume={10},
  number={5},
  pages={517--522},
  year={1999},
  organization={Elsevier}
}
