% ITEX root = ../Project_Proposal.tex
@article{gjuvsland2007statistical,
  title={Statistical epistasis is a generic feature of gene regulatory networks},
  author={Gjuvsland, Arne B and Hayes, Ben J and Omholt, Stig W and Carlborg, {\"O}rjan},
  journal={Genetics},
  volume={175},
  number={1},
  pages={411--420},
  year={2007},
  publisher={Genetics Soc America}
}

@article{gjuvsland2007threshold,
  title={Threshold-dominated regulation hides genetic variation in gene expression networks},
  author={Gjuvsland, Arne B and Plahte, Erik and Omholt, Stig W},
  journal={BMC Systems Biology},
  volume={1},
  number={1},
  pages={57},
  year={2007},
  publisher={Springer}
}

@article{omholt2000gene,
  title={Gene regulatory networks generating the phenomena of additivity, dominance and epistasis},
  author={Omholt, Stig W and Plahte, Erik and {\O}yehaug, Leiv and Xiang, Kefang},
  journal={Genetics},
  volume={155},
  number={2},
  pages={969--980},
  year={2000},
  publisher={Genetics Soc America}
}

@article{proulx2005opportunity,
  title={The opportunity for canalization and the evolution of genetic networks},
  author={Proulx, Stephen R and Phillips, Patrick C},
  journal={The American Naturalist},
  volume={165},
  number={2},
  pages={147--162},
  year={2005},
  publisher={The University of Chicago Press}
}

@article{yeaman2011genetic,
  title={The genetic architecture of adaptation under migration--selection balance},
  author={Yeaman, Sam and Whitlock, Michael C},
  journal={Evolution: International Journal of Organic Evolution},
  volume={65},
  number={7},
  pages={1897--1911},
  year={2011},
  publisher={Wiley Online Library}
}
